<record><leader>00000cas a22000007a 4500</leader><controlfield tag="001">15924135</controlfield><controlfield tag="008">870612d19461976iauwr ne      0    0eng d</controlfield><controlfield tag="009">5087</controlfield><datafield ind1=" " ind2=" " tag="010"><subfield code="a">sn 88059612 </subfield></datafield><datafield ind1=" " ind2=" " tag="040"><subfield code="a">INP</subfield><subfield code="b">eng</subfield><subfield code="c">INP</subfield><subfield code="d">OCLCQ</subfield></datafield><datafield ind1=" " ind2=" " tag="042"><subfield code="a">msc</subfield></datafield><datafield ind1="0" ind2="4" tag="245"><subfield code="a">The Gladbrook Tama northern.</subfield></datafield><datafield ind1="1" ind2="7" tag="246"><subfield code="a">Tama northern</subfield></datafield><datafield ind1=" " ind2=" " tag="260"><subfield code="a">Gladbrook, Iowa :</subfield><subfield code="b">West &amp; Sons,</subfield><subfield code="c">1946-1976.</subfield></datafield><datafield ind1=" " ind2=" " tag="300"><subfield code="a">33 v.</subfield></datafield><datafield ind1=" " ind2=" " tag="310"><subfield code="a">Weekly</subfield></datafield><datafield ind1="0" ind2=" " tag="362"><subfield code="a">Vol. 64, no. 4 (Jan. 25, 1946)-v. 96, no. 14 (Apr. 2, 1976).</subfield></datafield><datafield ind1=" " ind2=" " tag="500"><subfield code="a">Publisher varies.</subfield></datafield><datafield ind1=" " ind2=" " tag="752"><subfield code="a">United States</subfield><subfield code="b">Iowa</subfield><subfield code="c">Tama</subfield><subfield code="d">Gladbrook.</subfield></datafield><datafield ind1="0" ind2="0" tag="780"><subfield code="t">Tama northern</subfield><subfield code="w">(DLC)sn 87058356</subfield></datafield><datafield ind1="0" ind2="7" tag="785"><subfield code="t">Garwin sun</subfield><subfield code="w">(DLC)sn 87058357</subfield></datafield><datafield ind1="0" ind2="7" tag="785"><subfield code="t">Northern-sun print</subfield><subfield code="w">(DLC)sn 88059613</subfield></datafield></record>